%% LaTeX2e file `DMBD_Final_Design_Document.bib'
%% generated by the `filecontents' environment
%% from source `DMBD_Final_Design_Document' on 2017/12/03.
%%
 @ARTICLE{Dudarev1998,
  author = {Dudarev, S. L. and Botton, G. A. and Savrasov, S. Y. and Humphreys,
   C. J. and Sutton, A. P.},
  title = {Electron-energy-loss spectra and the structural stability of nickel
   oxide: An LSDA+U study},
  journal = {Phys. Rev. B},
  year = {1998},
  volume = {57},
  pages = {1505--1509},
  month = {Jan},
  doi = {10.1103/PhysRevB.57.1505},
  number = {3},
  publisher = {American Physical Society},
  url = {http://link.aps.org/doi/10.1103/PhysRevB.57.1505}
 }
 @ARTICLE{Dudarev1997,
  author = {Dudarev, S. L. and Botton, G. A. and Savrasov, S. Y. and Humphreys,
   C. J. and Sutton, A. P.},
  title = {Electron-energy-loss spectra and the structural stability of nickel
   oxide: An LSDA+U study},
  journal = {Phys. Rev. B},
  year = {1998},
  volume = {57},
  pages = {1505--1509},
  month = {Jan},
  doi = {10.1103/PhysRevB.57.1505},
  number = {3},
  publisher = {American Physical Society},
  url = {http://link.aps.org/doi/10.1103/PhysRevB.57.1505}
 }
