@article{1, 
    author ={H. Durrant-Whyte, T. Bailey},
    title = {Simultaneous localization and mapping: part I},
    publisher = "Robotics Automation Magazine, IEEE",
    year = {2006},
    volume  = "13",
    pages = {99-110}
}
